1934 2646
90 452 176 475 Parish
186 452 288 476 Church.

318 361 369 386 266
719 360 908 388 EXTRACTS
928 361 1025 388 FROM
1046 361 1116 387 THE
1139 361 1302 388 RECoRDs
1644 362 1726 395 [1500

318 449 473 480 ficuorum
488 449 624 490 predicti
639 450 699 480 loci
714 454 747 480 et
762 455 940 481 conuentus
956 450 1099 481 ciusdem
1115 450 1169 481 sed
1185 451 1269 491 quod
1290 451 1323 481 10
1340 451 1467 481 illorum
1483 462 1556 481 vsus
1572 456 1725 481 maneant

317 504 527 540 permaneant
545 499 628 531 sicut
646 504 837 531 consuetum
865 501 969 531 fuerat
994 501 1192 542 temporibus
1211 501 1380 531 transactis
1399 501 1520 542 absque
1548 501 1724 542 preiudicio

316 549 395 580 dicti
414 549 554 580 ministri
573 554 606 581 et
624 555 803 581 conuentus
822 550 966 581 eiusdem
985 555 1018 581 et
1036 562 1132 592 super
1150 551 1212 581 hiis
1231 551 1327 592 petiit
1346 551 1607 582 instrumentum.
1663 548 1723 588 [On

317 599 367 626 the
383 609 462 627 same
480 599 537 636 day
549 610 619 636 year
639 600 696 627 and
719 600 808 637 place,
829 601 888 628 and
911 600 1010 628 before
1034 600 1084 628 the
1105 600 1245 628 aforesaid
1272 601 1431 634 witnesses,
1449 601 1567 628 Gilbert
1594 601 1721 635 Broune,

316 643 451 670 minister
467 643 500 669 of
518 643 567 670 the
584 643 667 680 Ho1y
684 644 769 671 Cross
786 643 818 670 of
837 644 965 677 Peebles‚
983 644 1131 680 protested
1154 644 1220 671 that
1243 644 1289 671 his
1313 644 1468 672 obedience
1490 645 1548 672 and
1564 644 1724 673 fulfilment

316 685 350 713 of
373 686 423 713 the
445 686 533 713 letter
556 687 589 714 of
610 687 660 714 the
677 687 754 714 lords
771 687 804 714 of
819 687 870 714 1116
886 691 978 714 secret
999 687 1113 714 council
1132 690 1163 714 to
1185 687 1236 715 the
1259 687 1361 715 bailies
1383 687 1416 714 of
1438 687 1488 715 the
1505 688 1566 715 said
1583 688 1677 725 burgh
1695 689 1727 716 of

317 728 438 756 Peebles
454 730 631 767 concerning
654 730 699 757 his
715 730 1066 757 61111161]511011111001116
1087 734 1118 758 to
1142 730 1191 758 the
1215 731 1363 767 prejudice
1387 731 1420 758 of
1439 731 1484 758 his
1508 731 1618 758 annual
1642 736 1724 759 rents

315 772 373 799 and
398 772 499 809 profits
523 773 556 800 of
580 773 630 801 the
654 774 778 801 foresaid
794 774 875 810 place
891 774 949 801 and
966 777 1093 801 convent
1109 773 1226 801 thereof
1238 774 1292 801 but
1308 774 1374 801 that
1389 774 1440 801 the
1455 784 1534 802 same
1550 774 1655 802 should
1679 785 1724 803 re-

316 816 396 843 main
422 816 467 843 for
491 816 569 843 their
593 826 644 844 use
669 827 699 844 as
725 820 838 844 custom
863 827 922 844 was
947 817 979 844 in
1004 817 1090 844 times
1113 820 1187 854 past,
1213 817 1340 845 without
1363 817 1510 854 prejudice
1533 821 1564 845 to
1588 818 1638 846 the
1661 819 1723 846 said

316 859 451 886 minister
466 860 523 887 and
540 860 590 887 the
606 864 733 887 convent
749 860 870 894 thereos,
887 860 945 888 and
962 860 1125 897 thereupon
1141 860 1177 888 he
1194 860 1282 888 asked
1299 870 1337 888 au
1353 858 1554 898 instrument]

369 909 408 940 In
424 920 476 940 me
494 910 612 940 notarii
632 909 753 950 publici
769 914 801 941 et
819 910 955 940 testium
974 910 1225 951 subscriptorum
1245 910 1406 951 presentia
1425 911 1633 951 personaliter
1651 922 1723 942 con-

316 959 450 990 stitutus
470 959 623 990 honestus
637 960 685 990 vir
700 960 865 990 Dionisius
882 960 1121 1001 Elpliingstoun
1136 960 1175 991 (16
1191 960 1429 997 Henderstoun,
1443 960 1572 992 nomine
1587 965 1619 992 et
1634 972 1723 992 man-

316 1010 392 1040 dato
419 1009 684 1050 parochianorum
704 1010 853 1051 parochie
873 1010 912 1041 de.
932 1010 1038 1041 Peblis
1056 1010 1324 1041 commorantium
1344 1010 1377 1040 in
1397 1022 1476 1049 rure,
1498 1011 1581 1052 quod
1602 1011 1670 1052 ipse
1689 1016 1722 1043 et

316 1059 415 1090 ceteri
434 1060 621 1100 parochiani
640 1061 812 1091 noluerunt
839 1060 1017 1091 consentire
1045 1060 1129 1101 quod
1158 1060 1244 1091 dicta
1263 1060 1394 1091 ecclesia
1413 1066 1520 1091 sancte
1540 1062 1641 1092 crucis
1659 1073 1722 1092 non

316 1114 400 1140 esset
419 1121 528 1141 eorum
548 1110 680 1140 ecclesia
698 1110 888 1151 parochialis
907 1121 946 1141 ex
965 1115 998 1141 et
1017 1121 1073 1151 pro
1093 1121 1128 1141 eo
1148 1110 1232 1151 quod
1251 1110 1329 1141 dicti
1349 1111 1533 1151 parochiani
1553 1111 1722 1142 dissentie-

315 1159 395 1190 bant
412 1164 507 1201 prout
526 1164 636 1190 tenore
655 1160 811 1201 presentis
833 1160 1041 1190 instrumenti
1069 1160 1265 1191 dissentiunt
1292 1172 1355 1191 non
1383 1161 1530 1191 obstante
1550 1161 1722 1193 donatione

315 1209 449 1240 abtenta
462 1209 500 1240 de
516 1210 659 1250 predicta
670 1210 802 1240 ecclesia
813 1221 870 1251 per
884 1210 1019 1241 balliuos
1032 1210 1125 1251 burgi
1139 1210 1177 1240 de
1190 1210 1296 1241 Peblis
1310 1221 1367 1251 pro
1383 1215 1534 1252 tempore.
1586 1211 1723 1253 Insuper

315 1260 420 1290 dictus
439 1259 615 1296 Dionisius‚
641 1260 771 1290 nomine
799 1264 832 1290 et
859 1260 1011 1291 mandato
1029 1260 1187 1291 dictorum
1207 1260 1472 1301 parochianorum
1493 1261 1526 1291 in
1545 1273 1617 1292 rure
1636 1273 1721 1292 com-

315 1310 511 1340 morantium
531 1309 614 1340 infra
631 1310 814 1350 parochiam
833 1310 872 1340 de
892 1310 1007 1347 Peblis,
1028 1310 1198 1351 requisiuit
1215 1310 1382 1341 humiliter
1400 1315 1554 1342 rectorem
1574 1312 1722 1352 parochie

315 1359 355 1390 de
383 1360 490 1390 Peblis
525 1359 551 1390 si
588 1360 704 1401 aliquis
740 1360 838 1390 fucrit
873 1365 930 1391 aut
967 1360 1035 1391 61115
1071 1361 1205 1391 factores
1237 1360 1305 1391 eius·
1337 1360 1468 1391 nomine
1505 1366 1538 1392 et
1573 1362 1723 1393 similiter

314 1409 485 1450 requisiuit
512 1410 680 1440 humiliter
706 1410 862 1440 vicarium
889 1415 946 1441 aut
978 1411 1046 1441 cius
1073 1411 1257 1441 ministrum
1285 1411 1325 1441 ad
1352 1411 1534 1441 faciendum
1562 1412 1723 1442 ministra-

314 1460 436 1490 tionem
452 1460 633 1491 orationum
649 1460 868 1491 communium
887 1465 919 1491 et
938 1466 1207 1491 sacramentorum
1223 1461 1256 1491 in
1271 1472 1380 1491 eorum
1399 1461 1531 1492 ecclesia
1549 1462 1723 1502 parochiali

314 1509 402 1540 beati
424 1510 551 1540 Andree
570 1510 609 1541 de
630 1510 737 1541 Peblis
764 1522 852 1541 more
878 1511 971 1541 solito
993 1511 1169 1541 secundum
1197 1515 1341 1542 tenorem
1369 1522 1478 1541 eorum
1506 1512 1723 1552 provisionum

314 1560 451 1601 desuper
478 1560 685 1591 obtentarum
707 1560 883 1591 secundum
902 1561 1002 1591 ritum
1022 1572 1107 1591 nunc
1126 1561 1279 1602 temporis
1297 1561 1387 1602 regni
1407 1562 1515 1592 Scocie
1540 1568 1722 1593 seruantem

315 1609 382 1651 ipse
402 1610 567 1641 Dionisius
587 1611 768 1641 ministrare
788 1611 926 1641 voluerit
944 1622 1000 1652 per
1018 1622 1050 1641 se
1070 1611 1164 1642 sicuti
1183 1611 1325 1642 Joanncs
1345 1611 1506 1642 Dikesone
1526 1612 1724 1643 ministrauit

315 1671 353 1690 ex
374 1664 406 1691 et
432 1671 489 1701 pro
508 1671 544 1691 eo
564 1661 648 1701 quod
676 1661 743 1702 ipse
771 1672 835 1691 non
855 1661 947 1692 nouit
965 1661 1107 1702 aliquem
1134 1661 1319 1692 ministrum
1347 1662 1484 1692 electum
1503 1673 1560 1703 pcr
1578 1662 1722 1693 dominos

315 1710 427 1741 secreti
455 1711 580 1741 consilii
607 1715 664 1741 aut
691 1711 785 1742 aliter
811 1722 868 1752 per
886 1711 1095 1752 parochianos
1116 1715 1149 1742 vt
1168 1716 1356 1742 consuetum
1382 1716 1431 1742 est
1457 1722 1542 1742 nunc
1570 1713 1722 1753 temporis

314 1760 521 1801 protestando
548 1761 734 1791 solemniter
760 1772 816 1802 pro
844 1761 985 1792 remedio
1009 1761 1093 1802 juris
1124 1765 1268 1802 tempore
1301 1766 1333 1791 et
1364 1761 1429 1791 loco
1460 1762 1718 1803 congruentibus.

315 1810 420 1851 Super
446 1810 563 1851 quibus
590 1811 738 1841 omnibus
766 1815 800 1841 et
827 1811 960 1852 singulis
988 1811 1055 1852 ipse
1083 1811 1248 1842 Dionisius
1267 1811 1505 1852 Elphingstoun
1532 1812 1662 1843 nomine
1690 1817 1723 1843 et

314 1860 465 1890 mandato
491 1860 648 1891 dictorum
668 1861 913 1901 parochinarum
933 1861 1200 1891 connnorantium
1219 1861 1253 1891 in
1274 1872 1346 1892 rure
1374 1861 1456 1892 infra
1483 1861 1603 1892 dictam
1630 1874 1721 1903 paro-

313 1910 419 1940 chiam
447 1910 486 1940 de
514 1910 619 1941 Peblis
647 1922 665 1941 a
692 1922 743 1941 me
770 1911 895 1941 notario
922 1911 1050 1952 publico
1078 1911 1256 1952 subscripto
1275 1911 1337 1942 sibi
1357 1911 1425 1941 fieri
1452 1922 1487 1942 ac
1515 1912 1599 1942 tradi
1626 1913 1723 1953 petiit

313 1971 412 1990 vnum
431 1971 486 1990 seu
505 1960 598 2001 plura
616 1961 782 2001 publicum
802 1972 857 1992 seu
876 1961 1014 2002 publica,
1035 1961 1288 1992 instrumentum
1307 1972 1362 1992 seu
1382 1961 1604 1993 instrumenta.
1639 1963 1723 1993 Acta

313 2015 405 2040 erant
435 2010 492 2041 1166
520 2010 552 2040 10
583 2010 669 2041 dicta
700 2011 831 2042 ecclesie
861 2015 969 2041 sancte
999 2011 1099 2041 crucis
1128 2011 1238 2041 horam
1268 2011 1394 2042 circiter
1418 2012 1619 2043 vndecimam
1646 2017 1722 2043 ante

312 2059 487 2091 merediem
515 2060 574 2090 sub
600 2072 684 2091 anno
711 2060 764 2091 die
792 2072 900 2092 mense
928 2061 1104 2091 indictione
1124 2061 1365 2102 et11›‹:›ntificatu
1385 2061 1502 2103 quibus
1529 2073 1625 2103 supra
1651 2074 1722 2103 pre-

313 2110 457 2141 sentibus
484 2110 605 2141 ibidem
633 2111 777 2141 discretis
800 2111 887 2148 viris,
915 2111 1070 2152 Magistro
1088 2111 1215 2142 Joanne
1243 2111 1430 2152 Colquhone
1458 2112 1578 2143 decano
1614 2112 1722 2143 Chris-

313 2160 475 2191 tianitutis
502 2160 541 2191 de
564 2160 680 2197 Peblis,
700 2161 825 2192 Thoma
845 2161 921 2202 Hay
939 2161 1093 2202 magistro
1111 2161 1150 2192 de
1170 2161 1294 2198 Yester,
1315 2162 1444 2192 Andrea
1472 2162 1549 2204 Hay
1567 2163 1721 2193 seruitore

311 2210 396 2242 dicte
415 2211 536 2242 Thome
556 2211 641 2252 Hay,
664 2211 809 2243 Ronaldo
830 2211 905 2243 Scot
934 2211 1090 2253 burgense
1119 2211 1158 2242 de
1187 2211 1294 2242 Peblis
1322 2216 1354 2243 et
1373 2212 1536 2243 Willehno
1558 2213 1720 2244 Dikesone
